<?xml version="1.0" encoding="UTF-8"?><collection xmlns="http://www.loc.gov/MARC21/slim"><record><leader>00489nam--2200193-u-4500</leader><controlfield tag="001">000052112</controlfield><controlfield tag="002">20161230</controlfield><controlfield tag="005">20161230201049</controlfield><controlfield tag="008">090727s1000------------r-----000-0-eng-d</controlfield><datafield ind1=" " ind2=" " tag="040"><subfield code="a">IFIN-HH</subfield></datafield><datafield ind1=" " ind2=" " tag="080"><subfield code="a">518.2</subfield></datafield><datafield ind1="1" ind2=" " tag="100"><subfield code="a">Karpova, K. A</subfield></datafield><datafield ind1="1" ind2=" " tag="245"><subfield code="a">Tablitsy Stepennoi i Pokazatelnoi Funktsii</subfield></datafield><datafield ind1=" " ind2=" " tag="260"><subfield code="a">Moskva</subfield><subfield code="c">1963</subfield></datafield><datafield ind1=" " ind2=" " tag="300"><subfield code="a">486 p</subfield></datafield><datafield ind1=" " ind2=" " tag="490"><subfield code="a">Biblioteka Matematicheskikh Tablits</subfield><subfield code="v">Vyp.24</subfield></datafield><datafield ind1="1" ind2=" " tag="700"><subfield code="a">K.A.Karpova</subfield></datafield><datafield ind1=" " ind2=" " tag="852"><subfield code="a">8145</subfield><subfield code="c">518.2</subfield></datafield><datafield ind1=" " ind2=" " tag="CAT"><subfield code="a">Sys</subfield><subfield code="c">20090727</subfield><subfield code="h">120452</subfield></datafield></record></collection>